5180.0 27.31461925211378
5182.0 27.289245176296287
5184.0 27.259835380149283
5186.0 27.25497558473639
5188.0 27.234921494869685
5190.0 27.324740164040268
5192.0 27.637474926332796
5194.0 27.526036657963132
5196.0 27.84246358846652
5198.0 27.729008880650607
5200.0 27.58666540875713
5202.0 28.006003477912486
5204.0 28.111290232139165
5206.0 27.72026838686712
5208.0 27.738241930419118
5210.0 27.98905354115727
5212.0 27.76866446040586
5214.0 27.67808548719118
5216.0 27.937691793597267
5218.0 27.834900988786135
5220.0 28.02152404800347
5222.0 27.90960573813941
5224.0 28.04619668073423
5226.0 28.13541705570117
5228.0 28.184492537272444
5230.0 28.445619697294564
5232.0 28.488312289401907
5234.0 27.892228500177474
5236.0 27.806678121703733
5238.0 28.04994955647101
5240.0 28.376972753589747
5242.0 28.27973920374154
5244.0 28.103316404848464
5246.0 28.188055099863575
5248.0 28.03394122586739
5250.0 28.14373000301729
5252.0 27.86066022296269
5254.0 27.918650905807816
5256.0 28.045736149485645
5258.0 27.96945525475053
5260.0 28.12805388776096
5262.0 28.020150298389076
5264.0 27.78193120033593
5266.0 27.811158912261316
5268.0 27.477456367349518
5270.0 27.723489257020095
5272.0 27.94998219266032
5274.0 28.056982206052215
5276.0 27.77074810185276
5278.0 27.389784188493046
5280.0 27.51440708815349
5282.0 27.666183189128454
5284.0 27.717905589541687
5286.0 27.97045110165348
5288.0 27.205837372219968
5290.0 27.62058374073675
5292.0 27.561346705096444
5294.0 27.495749917857772
5296.0 27.72694592190868
5298.0 27.70027676883072
5300.0 27.369947548732487
5302.0 27.05353451975178
5304.0 27.240704646608958
5306.0 27.48725403997794
5308.0 27.512354286202036
5310.0 27.31305738237806
5312.0 27.39012503174042
5314.0 27.450116113806583
5316.0 27.210442878739737
5318.0 27.445393658900628
5320.0 27.26150977454169
5322.0 27.2393299400993
5324.0 27.518047925912473
5326.0 27.385177886308835
5328.0 27.301085058225336
5330.0 27.3375360516959
5332.0 27.366564943797133
5334.0 27.198843998610844
5336.0 27.2381596586701
5338.0 26.95300693879036
5340.0 27.201779667673474
5342.0 27.255933421046688
5344.0 27.42423620751009
5346.0 27.00610371470608
5348.0 26.686775136467283
5350.0 27.016384722729388
5352.0 27.013736843976243
5354.0 26.823516736272346
5356.0 26.77043505862145
5358.0 26.73780926571848
5360.0 26.759651791480657
5362.0 26.650420865149542
5364.0 26.84826139277512
5366.0 27.139435880131508
5368.0 26.8933180814047
5370.0 26.870235459689702
5372.0 26.86272898124085
5374.0 26.546830562889774
5376.0 26.53192082323116
5378.0 26.366374583632865
5380.0 26.38145165260196
5382.0 26.222807426726845
5384.0 26.18884687936754
5386.0 26.568511313249175
5388.0 26.465167919700765
5390.0 26.327409558070922
5392.0 26.099953636500576
5394.0 26.314890885951588
5396.0 26.359414949925018
5398.0 26.238624720129547
5400.0 26.38152996101179
5402.0 26.41440230621039
5404.0 26.37516114336991
5406.0 26.41512814881571
5408.0 26.333748792367555
5410.0 26.42432833333655
5412.0 26.44248198822767
5414.0 26.57741673774801
5416.0 26.74198870198347
5418.0 26.578250040433776
5420.0 26.574909855423368
5422.0 26.971522218910778
5424.0 27.330743152958696
5426.0 27.135888506822614
5428.0 26.69959415363952
5430.0 26.524777799306005
5432.0 26.33187295966149
5434.0 25.91194466768318
5436.0 25.944724772624767
5438.0 25.740744372187745
5440.0 25.712780350426385
5442.0 25.71180602161888
5444.0 25.50150385023585
5446.0 25.5299572081269
5448.0 25.331632679492913
5450.0 25.458291454972876
5452.0 25.358814826975543
5454.0 25.222522107850168
5456.0 25.156390260953273
5458.0 25.07100642094511
5460.0 25.026045511280152
5462.0 24.922792094053964
5464.0 24.80695576393496
5466.0 24.669545094568612
5468.0 24.796092531542513
5470.0 24.790292535811865
5472.0 24.696586406625258
5474.0 24.88447837620765
5476.0 24.595508883472878
5478.0 24.467124850302813
5480.0 24.562247130542584
5482.0 24.298170698817998
5484.0 24.05410032177177
5486.0 24.285135283911856
5488.0 24.29109922605288
5490.0 24.420271289666744
5492.0 24.115314413892648
5494.0 24.122871623503258
5496.0 24.050483412879913
5498.0 23.97069802321033
5500.0 24.039909144809414
5502.0 24.127304348842536
5504.0 24.046257319967573
5506.0 24.194551500976395
5508.0 24.045524217678867
5510.0 23.945035112212626
5512.0 23.71461725083194
5514.0 23.97010884935699
5516.0 23.84172324184466
5518.0 23.73047160701112
5520.0 23.76014175772595
5522.0 23.861270646361103
5524.0 23.800452292962813
5526.0 23.589327745147546
5528.0 23.675657225072317
5530.0 23.70860536573537
5532.0 23.465160969250896
5534.0 23.36726842042541
5536.0 23.345266622094385
5538.0 23.56201099997697
5540.0 23.601619626729843
5542.0 23.409153763781386
5544.0 23.282324756712583
5546.0 23.449700030964674
5548.0 23.420941219669576
5550.0 23.271723041194058
5552.0 23.17439549941803
5554.0 23.11669744558551
5556.0 23.28860119942424
5558.0 23.24252685395042
5560.0 23.081927288953622
5562.0 23.047167240539324
5564.0 22.859748781801883
5566.0 23.057311251180177
5568.0 23.164011489074838
5570.0 22.954740076374506
5572.0 22.90382947859618
5574.0 22.991513266137964
5576.0 22.835397924546832
5578.0 22.831817969827103
5580.0 22.900803046494712
5582.0 22.909475001264646
5584.0 22.90557851102556
5586.0 22.95269547050383
5588.0 22.620659136230103
5590.0 22.490251606302667
5592.0 22.74669203106513
5594.0 22.947888027535406
5596.0 22.590651561411516
5598.0 22.52509929346593
5600.0 22.648779412667196
5602.0 22.67171755137456
5604.0 22.457815782478914
5606.0 22.500926326169047
5608.0 22.662501288360406
5610.0 22.71320719947359
5612.0 22.27972524943282
5614.0 22.413106169145056
5616.0 22.423698641855797
5618.0 22.261999863618286
5620.0 22.25338367998137
5622.0 22.272321034143392
5624.0 22.23055970673971
5626.0 22.355268403962466
5628.0 22.399431381416175
5630.0 22.44612590811866
5632.0 22.230840907171157
5634.0 22.077630251267745
5636.0 22.086123904285312
5638.0 22.14158417404908
5640.0 22.22448246596616
5642.0 22.263051385320292
5644.0 22.009921979908
5646.0 21.90085702132668
5648.0 21.94555378641672
5650.0 21.960807009382986
5652.0 21.924881217371887
5654.0 21.908268110944114
5656.0 21.8246526722927
5658.0 21.856158980536502
5660.0 21.844720719033695
5662.0 21.787386982360566
5664.0 21.752951729968046
5666.0 21.862109703708757
5668.0 21.894352143365158
5670.0 21.835126257889062
5672.0 21.855553264899147
5674.0 21.743691507666163
5676.0 21.926048452006427
5678.0 22.06250939679076
5680.0 22.028078401107607
5682.0 22.081094364374795
5684.0 21.885493229313138
5686.0 21.767849945714467
5688.0 21.793130419343925
5690.0 21.88759922150647
5692.0 22.11115713038304
5694.0 22.12967853928383
5696.0 21.982833369558758
5698.0 22.063157921657922
5700.0 22.159930258985426
5702.0 22.29888014029489
5704.0 22.088987217153797
5706.0 22.24248485043267
5708.0 22.998182457871145
5710.0 23.90357281933123
5712.0 23.36057260200062
5714.0 22.459213888746604
5716.0 22.166900861335503
5718.0 22.064805199432108
5720.0 21.919383135992597
5722.0 21.887409607279313
5724.0 21.893285914089475
5726.0 21.73733839018623
5728.0 21.595209259782628
5730.0 21.44117560012678
5732.0 21.571980987723766
5734.0 21.744101786280343
5736.0 21.562038466228028
5738.0 21.343935631788366
5740.0 21.349933514661146
5742.0 21.502018059082378
5744.0 21.580105381269302
5746.0 21.454669084341774
5748.0 21.41576765880117
5750.0 21.523362040966653
5752.0 21.494262820845766
5754.0 21.329850277372227
5756.0 21.36272343733256
5758.0 21.288318119503334
5760.0 21.332361560639743
5762.0 21.307171747275337
5764.0 21.319706969179485
5766.0 21.376708078517538
5768.0 21.37891577715067
5770.0 21.43528121202824
5772.0 21.492803237516355
5774.0 21.50649329282441
5776.0 21.474879645047103
5778.0 21.416402646813395
5780.0 21.453272140675097
5782.0 21.567782413728146
5784.0 21.5587161136869
5786.0 21.37446395085365
5788.0 21.469796774900463
5790.0 21.604311238794114
5792.0 21.56354038084191
5794.0 21.506761246274014
5796.0 21.71710420141403
5798.0 21.917852328670648
5800.0 21.782286269610893
5802.0 21.81250571260254
5804.0 22.06726725557735
5806.0 22.207957437352164
5808.0 22.04364803872234
5810.0 22.02920705552974
5812.0 21.744962601492315
5814.0 21.757173198260077
5816.0 21.871108185297377
5818.0 21.98093118527298
5820.0 21.848033054087853
5822.0 21.633746976346053
5824.0 21.39451685756121
5826.0 21.397997151684063
5828.0 21.506977798695164
5830.0 21.389481100566332
5832.0 21.377169650512784
5834.0 21.41876348793911
5836.0 20.84394499136583
5838.0 21.032201025445953
5840.0 20.95547296266809
5842.0 20.84569363357568
5844.0 21.006988046604224
5846.0 20.75605090965123
5848.0 20.679338273702186
5850.0 20.72231203149107
5852.0 20.57066015545019
5854.0 20.48227504375477
5856.0 20.477255613490783
5858.0 20.579908907261743
5860.0 20.538892886786257
5862.0 20.491353878699076
5864.0 20.533485177442397
5866.0 20.522573161396203
5868.0 20.50903100674211
5870.0 20.414878864225162
5872.0 20.52014938784492
5874.0 20.513554430479793
5876.0 20.419304619490415
5878.0 20.44017700917698
5880.0 20.358139994534852
5882.0 20.396269697175516
5884.0 20.360429198022917
5886.0 20.019779707461186
5888.0 20.160709278449865
5890.0 21.494831106340605
5892.0 22.001213920003032
5894.0 20.990396407672318
5896.0 20.255471010292965
5898.0 20.200074433521635
5900.0 20.21190263984328
5902.0 19.745298915365087
5904.0 18.527846018959284
5906.0 18.049313149361176
5908.0 18.50561400088232
5910.0 18.60583861069502
5912.0 18.548809262244987
5914.0 18.91029842836299
5916.0 19.30626931928662
5918.0 19.294979801108855
5920.0 19.36804032064624
5922.0 19.340869530730583
5924.0 19.288670127268986
5926.0 19.25698083852522
5928.0 19.2229796856905
5930.0 19.21811003803785
5932.0 19.021326129699148
5934.0 19.023507406238036
5936.0 18.960388300046645
5938.0 18.862256999823796
5940.0 18.64699470555449
5942.0 18.758537750442255
5944.0 18.858825384107295
5946.0 18.78278630501338
5948.0 18.731668958507516
5950.0 18.63471470128818
5952.0 18.518315402716503
5954.0 18.57381195535097
5956.0 18.460573839058195
5958.0 18.518382363060216
5960.0 18.438791020746816
5962.0 18.395680866454263
5964.0 18.312101994203825
5966.0 18.35414189412889
5968.0 18.330588639704835
5970.0 18.11762491631151
5972.0 18.089769188971324
5974.0 18.155670469241194
5976.0 18.059812858010815
5978.0 17.916979229598233
5980.0 18.032487596585266
5982.0 18.147990787101186
5984.0 17.902593075790346
5986.0 18.11583024680367
5988.0 17.914687939864233
5990.0 18.152715970793054
5992.0 17.933612966225805
5994.0 17.6834158375386
5996.0 17.726509407880958
5998.0 17.84967044524446
6000.0 17.73472518528153
6002.0 17.699430708669603
6004.0 17.73684683329958
6006.0 17.75387820110842
6008.0 17.71532923361553
6010.0 17.539464594000222
6012.0 17.50113283715885
6014.0 17.65243339332307
6016.0 17.6381589694056
6018.0 17.633550307926015
6020.0 17.65646542935234
6022.0 17.589457994951406
6024.0 17.566573259998957
6026.0 17.545790634464243
6028.0 17.526794848407622
6030.0 17.42198322889942
6032.0 17.46317749851188
6034.0 17.468658425326346
6036.0 17.44210458241908
6038.0 17.370704590024868
6040.0 17.380703955690006
6042.0 17.313930082061272
6044.0 17.313533451822924
6046.0 17.316812708640363
6048.0 17.32313749608348
6050.0 17.362541881271035
6052.0 17.271834093207943
6054.0 17.239306252418604
6056.0 17.24489788867901
6058.0 17.293751652271904
6060.0 17.07862592972262
6062.0 17.15467675690265
6064.0 17.23303425152024
6066.0 17.17184896663128
6068.0 17.076543797125154
6070.0 17.023869487291353
6072.0 17.08427047664538
6074.0 17.081467192159174
6076.0 17.02543741038051
6078.0 17.072082202255704
6080.0 17.047129333287142
6082.0 16.981866730491983
6084.0 16.971088923583878
6086.0 16.96975925314496
6088.0 16.98375537013049
6090.0 16.972873812976108
6092.0 16.98193623191418
6094.0 16.82536774911471
6096.0 16.815225762300713
6098.0 16.901750405280666
6100.0 16.781929232914518
6102.0 16.730542945811376
6104.0 16.7443334372019
6106.0 16.681931109549367
6108.0 16.682499251616946
6110.0 16.708568795621098
6112.0 16.645437429611267
6114.0 16.675914405775554
6116.0 16.705445755282675
6118.0 16.611258787242715
6120.0 16.70836657142823
6122.0 16.68627052290861
6124.0 16.557464983081612
6126.0 16.53589828774796
6128.0 16.5722497811469
6130.0 16.40862261240688
6132.0 16.381605516017455
6134.0 16.4264566646979
6136.0 16.419479062240935
6138.0 16.44240141536424
6140.0 16.512216824506947
6142.0 16.39938840310926
6144.0 16.34027573390754
6146.0 16.473764187778514
6148.0 16.456087826307897
6150.0 16.345159568322565
6152.0 16.37919995886829
6154.0 16.28988639544945
6156.0 16.34647804828033
6158.0 16.33929605592262
6160.0 16.308200852475753
6162.0 16.24385950842689
6164.0 16.25902023031214
6166.0 16.220378210451432
6168.0 16.18719159598403
6170.0 16.18263695352649
6172.0 16.176824235021105
6174.0 16.15790340224529
6176.0 16.230531604171293
6178.0 16.171238241013576
6180.0 16.10817266797209
6182.0 16.207851281126235
6184.0 16.171316778747144
6186.0 16.21111806087323
6188.0 16.14805786921024
6190.0 16.079443599704085
6192.0 16.11148607115129
6194.0 16.067304893809897
6196.0 15.964518708947415
6198.0 16.00054603961546
6200.0 16.060579891523812
6202.0 15.939245214635433
6204.0 15.911742087398686
6206.0 15.97774981238075
6208.0 16.028764260104065
6210.0 15.894757622712381
6212.0 15.917574243142043
6214.0 15.901396234816414
6216.0 15.978299017296719
6218.0 15.85856111088789
6220.0 15.83903188240583
6222.0 15.744667324546711
6224.0 15.857727093630864
6226.0 15.718927909489507
6228.0 15.776331671803705
6230.0 15.80711296317079
6232.0 15.789370052783612
6234.0 15.69837354985719
6236.0 15.652653391243833
6238.0 15.633972368888761
6240.0 15.63981369763661
6242.0 15.628783763566224
6244.0 15.589461821933336
6246.0 15.506970207404526
6248.0 15.558290292721766
6250.0 15.605102733436027
6252.0 15.51695862485423
6254.0 15.673994812197705
6256.0 15.54677269931437
6258.0 15.46754169337431
6260.0 15.434936660503759
6262.0 15.278184209742902
6264.0 15.397913066665724
6266.0 15.43225542035628
6268.0 15.320770154367429
6270.0 15.307657643476757
6272.0 15.41134849976283
6274.0 15.320403098466604
6276.0 15.152050663894737
6278.0 15.043726809366959
6280.0 15.186799791326088
6282.0 15.191918374289243
6284.0 15.327755085806757
6286.0 15.181102643497315
6288.0 15.18485991069832
6290.0 15.178038905081364
6292.0 15.106179097183318
6294.0 15.196969550893236
6296.0 15.178000690532894
6298.0 15.161650965763634
6300.0 15.3068913702265
6302.0 15.248441721354691
6304.0 15.004850518944934
6306.0 15.079087056433469
6308.0 15.10588463071068
6310.0 15.099382530842698
6312.0 15.054347369667779
6314.0 15.066485059774148
6316.0 15.024070505307144
6318.0 15.068980953790504
6320.0 15.113261429746064
6322.0 15.065928204623697
6324.0 15.057335109444804
6326.0 15.064237388530433
6328.0 14.904050014034114
6330.0 14.953669290725797
6332.0 15.052699445215696
6334.0 15.04724892610411
6336.0 14.958470532983764
6338.0 14.950928941281989
6340.0 14.907692190075577
6342.0 14.892301536545133
6344.0 14.802697233583666
6346.0 14.701373564042527
6348.0 14.825409710703152
6350.0 14.868427582662095
6352.0 14.876276027106162
6354.0 14.869576037763078
6356.0 14.797881691836672
6358.0 14.804685011381299
6360.0 14.804580832467979
6362.0 14.763347453934623
6364.0 14.803535737184095
6366.0 14.870408338653695
6368.0 14.872291723342338
6370.0 14.858896867916492
6372.0 14.82520183730692
6374.0 14.703086235936187
6376.0 14.691684417404232
6378.0 14.792977484180836
6380.0 14.795177111676747
6382.0 14.858482345908008
6384.0 14.7406695442712
6386.0 14.712423745660603
6388.0 14.760765652117417
6390.0 14.693496186697768
6392.0 14.6461078412821
6394.0 14.699470301885585
6396.0 14.838826174592688
6398.0 14.833702771185012
6400.0 14.849188501799123
6402.0 14.846157626621379
6404.0 14.76278761149008
6406.0 14.749193735197784
6408.0 14.777546887662924
6410.0 14.833723159939275
6412.0 14.761239391806171
6414.0 14.719510529386419
6416.0 14.790746717363179
6418.0 14.89356727563176
6420.0 14.814395102720615
6422.0 14.737736521602423
6424.0 14.80007713816681
6426.0 14.696962452093175
6428.0 14.65367336879133
6430.0 14.672925240752754
6432.0 14.663940382285801
6434.0 14.693544567666647
6436.0 14.629554171305257
6438.0 14.625172387417118
6440.0 14.6371037686389
6442.0 14.769391711717107
6444.0 14.706869582862575
6446.0 14.61371326413158
6448.0 14.596472062790424
6450.0 14.721535971746427
6452.0 14.657870508840459
6454.0 14.650353475079667
6456.0 14.713200477893967
6458.0 14.703382823638355
6460.0 14.712384333524659
6462.0 14.693471941045194
6464.0 14.806703453601179
6466.0 14.871841443532075
6468.0 14.836201134491914
6470.0 14.744321524091962
6472.0 14.776006082993487
6474.0 14.792218650411062
6476.0 14.743935333352832
6478.0 14.841784921400391
6480.0 15.020324955055234
6482.0 14.925631674950322
6484.0 14.908915858423791
6486.0 14.97759362237775
6488.0 14.896181263348975
6490.0 14.91751122599634
6492.0 15.061957329745567
6494.0 15.066770557427713
6496.0 15.120389538896374
6498.0 15.330976087979352
6500.0 15.406220326803961
6502.0 15.303075391925004
6504.0 15.321051091765812
6506.0 15.386782050338882
6508.0 15.372884232624763
6510.0 15.400784854449507
6512.0 15.493365146693115
6514.0 15.509664115522954
6516.0 15.56483208672047
6518.0 15.731484313724243
6520.0 15.781944105129815
6522.0 15.901464316675105
6524.0 15.92005272165975
6526.0 16.018252251208732
6528.0 16.184879223424478
6530.0 16.366334796461455
6532.0 16.409568109824857
6534.0 16.526972733689238
6536.0 16.759599603015474
6538.0 16.969130565756608
6540.0 17.040658250781505
6542.0 17.153131711689284
6544.0 17.378729166609745
6546.0 17.563370876409603
6548.0 17.82404791688071
6550.0 18.045336242978465
6552.0 18.29523512359445
6554.0 18.50271833773436
6556.0 18.81975694091855
6558.0 19.19631585336262
6560.0 19.474475947834105
6562.0 19.827717014775388
6564.0 20.279219629169734
6566.0 20.738641428762264
6568.0 21.195434205953195
6570.0 21.784523031971297
6572.0 22.5968575914226
6574.0 23.922626746108445
6576.0 26.63948992804594
6578.0 31.56405361703996
6580.0 32.032480693081745
6582.0 28.175456825019978
6584.0 23.71955008124366
6586.0 21.858935570389527
6588.0 21.016101852606027
6590.0 20.449571297541553
6592.0 19.868968417704437
6594.0 19.527061049944873
6596.0 19.166165963853256
6598.0 18.78221260691993
6600.0 18.63484467721832
6602.0 18.196839482442186
6604.0 17.86909368786158
6606.0 17.407632877322037
6608.0 17.14578715059708
6610.0 16.876331546412395
6612.0 16.757830966238014
6614.0 16.4630284233719
6616.0 16.273038515523073
6618.0 16.08681401191251
6620.0 15.990049961392032
6622.0 15.747996997383446
6624.0 15.584756895128326
6626.0 15.58705892068262
6628.0 15.451487045587093
6630.0 15.329697362402
6632.0 15.183908271311827
6634.0 14.966322131039487
6636.0 14.87658900690343
6638.0 14.892994340149437
6640.0 14.704543264799334
6642.0 14.559407709815442
6644.0 14.552860775684758
6646.0 14.47827645191333
6648.0 14.443035306153082
6650.0 14.432421905057497
6652.0 14.185047272418167
6654.0 14.186021850015612
6656.0 14.108844201836531
6658.0 14.055667963402152
6660.0 14.131038561016089
6662.0 13.957043030302758
6664.0 14.038777281573113
6666.0 13.97100066032604
6668.0 13.827796224135119
6670.0 13.75856605400497
6672.0 13.840194052868082
6674.0 13.856929536963397
6676.0 13.914558696603851
6678.0 13.77627304868218
6680.0 13.763800233935738
6682.0 13.853974808691543
6684.0 13.934027588660616
6686.0 13.880871279295489
6688.0 13.79120876390268
6690.0 13.801998205760313
6692.0 14.04935271295261
6694.0 14.763352485929301
6696.0 14.56937874978618
6698.0 14.031015209049611
6700.0 13.727029414785905
6702.0 13.525890990803896
6704.0 13.490900195966848
6706.0 13.47562200319217
6708.0 13.360956559375827
6710.0 13.25714158143925
6712.0 13.268357726346299
6714.0 13.271752308983485
6716.0 13.412277149688377
6718.0 13.279062891228202
6720.0 13.065768729804653
6722.0 13.089188394709835
6724.0 12.970586722116057
6726.0 13.000263876325517
6728.0 12.95246775086273
6730.0 12.847326437104988
6732.0 12.875649194467762
6734.0 12.845062088540681
6736.0 12.875886347569368
6738.0 12.822989123296033
6740.0 12.684185806111174
6742.0 12.65245841273885
6744.0 12.636161893644553
6746.0 12.684814880503255
6748.0 12.65767666520081
6750.0 12.482507967860553
6752.0 12.414927585771178
6754.0 12.49276982286641
6756.0 12.435824725432708
6758.0 12.382843030026697
6760.0 12.405331587933812
6762.0 12.361108541895078
6764.0 12.24100511926205
6766.0 12.27923446824619
6768.0 12.293072716766924
6770.0 12.229469282186045
6772.0 12.117194903025268
6774.0 12.131452704845973
6776.0 12.183542648895466
6778.0 12.074923582412842
6780.0 12.1491070861111
6782.0 12.086973364688685
6784.0 12.079241845565685
6786.0 12.07088546911462
6788.0 12.013133935369122
6790.0 11.952571080859226
6792.0 11.94015389047378
6794.0 11.999429800293793
6796.0 11.949291217628252
6798.0 11.92551732134794
6800.0 11.918937168697544
6802.0 11.865156416471855
6804.0 11.872748330876133
6806.0 11.8953437996537
6808.0 11.854799077963932
6810.0 11.861557613278174
6812.0 11.80486635714702
6814.0 11.681707516140108
6816.0 11.793693832378173
6818.0 11.738361737837929
6820.0 11.714702197990148
6822.0 11.760633826645117
6824.0 11.654364257050382
6826.0 11.66758521076877
6828.0 11.70278588479859
6830.0 11.718089062735904
6832.0 11.685683218490432
6834.0 11.631508162482016
6836.0 11.64222898212941
6838.0 11.595660765555147
6840.0 11.568884690501353
6842.0 11.549192437498446
6844.0 11.5744962395172
6846.0 11.599903373481656
6848.0 11.58843997744062
6850.0 11.565312348046259
6852.0 11.557287130743909
6854.0 11.540722361495183
6856.0 11.522283729723679
6858.0 11.501554770500668
6860.0 11.512068738448049
6862.0 11.708989861085069
6864.0 11.710127577913871
6866.0 11.184866053321366
6868.0 11.104269638817193
6870.0 11.436241536504363
6872.0 11.472476011529787
6874.0 11.43873611603512
6876.0 11.500063519233235
6878.0 11.661346753939567
6880.0 11.643640225733696
6882.0 11.438624272368422
6884.0 11.320762015254564
6886.0 11.302958943657451
6888.0 11.32690608539123
6890.0 11.428311365219416
6892.0 11.442677486214917
6894.0 11.36657367747778
6896.0 11.42851694196699
6898.0 11.423311098768878
6900.0 11.392704694570199
6902.0 11.336178620168056
6904.0 11.4674477114871
6906.0 11.441214561832709
6908.0 11.402595259726759
6910.0 11.432782567308978
6912.0 11.394269144516501
6914.0 11.429556075847382
6916.0 11.28414726217738
6918.0 11.287585176794412
6920.0 11.337339994383067
6922.0 11.198914550930361
6924.0 11.205788775444612
6926.0 11.194345259226171
6928.0 11.108384279504254
6930.0 11.17988976099004
6932.0 11.137850609305096
6934.0 11.099455531328452
6936.0 11.142859300282273
6938.0 11.142345762597227
6940.0 11.208849642930874
6942.0 11.146834373915508
6944.0 11.186384362487436
6946.0 11.126349069128468
6948.0 11.113141523259586
6950.0 11.074753318245186
6952.0 11.074658057841331
6954.0 11.038561268764088
6956.0 10.961709847830969
6958.0 11.019748150997385
6960.0 11.06637070033038
6962.0 11.117881730627104
6964.0 11.067742333584027
6966.0 10.947534050938385
6968.0 11.030724315044244
6970.0 11.102103616147
6972.0 11.056233935424306
6974.0 10.949413461232755
6976.0 10.904047715756962
6978.0 11.003418711576225
6980.0 10.942179355321201
6982.0 10.895349742047795
6984.0 10.980277497691388
6986.0 10.93840049983998
6988.0 10.940691713725956
6990.0 10.996531156463776
6992.0 10.942132947988211
6994.0 10.885708513661266
6996.0 10.883237185201702
6998.0 10.988957348376845
7000.0 11.026538064000318
7002.0 11.019269994770061
7004.0 11.043723680973219
7006.0 10.948999901116332
7008.0 10.970802159753283
7010.0 11.000913276418627
7012.0 11.00695848579252
7014.0 11.027874924379692
7016.0 11.020504496266753
7018.0 10.959734711045366
7020.0 11.046944721793222
7022.0 11.134411732967882
7024.0 11.021910358518289
7026.0 11.064661677499753
7028.0 11.11614612928613
7030.0 10.99032102357195
7032.0 11.001586168540783
7034.0 11.053277290822082
7036.0 11.184819653682483
7038.0 11.104667725411213
7040.0 11.081911012035068
7042.0 11.042104171104425
7044.0 11.10491514913054
7046.0 11.170011287555988
7048.0 11.103278577878614
7050.0 11.183863085328284
7052.0 11.126904983929142
7054.0 11.216738809805163
7056.0 11.227042511596931
7058.0 11.206783142656878
7060.0 11.22467547149126
7062.0 11.210446258295242
7064.0 11.165656429118906
7066.0 11.304440296695546
7068.0 11.358191521629275
7070.0 11.274422673961006
7072.0 11.334513262282695
7074.0 11.291076945797705
7076.0 11.341602997951718
7078.0 11.528388914830558
7080.0 11.971472848294786
7082.0 12.693083234458788
7084.0 12.61065331360419
7086.0 11.93561824295042
7088.0 11.59556684156591
7090.0 11.502456149664619
7092.0 11.493735465364939
7094.0 11.413516388247832
7096.0 11.34597854097725
7098.0 11.41956526409688
7100.0 11.455011908339072
7102.0 11.370850689134544
7104.0 11.410349805817368
7106.0 11.472500472123134
7108.0 11.477290711060823
7110.0 11.522501245070703
7112.0 11.573009569903606
7114.0 11.557848447515418
7116.0 11.564819295485266
7118.0 11.573244632128281
7120.0 11.564422484829318
7122.0 11.450975815399007
7124.0 11.438831619068182
7126.0 11.457128917602503
7128.0 11.4802047459867
7130.0 11.437101621620839
7132.0 11.377585655966529
7134.0 11.374898015624131
7136.0 11.352472384998315
7138.0 11.29285735599911
7140.0 11.238646315472213
7142.0 11.11286397921214
7144.0 11.001317338996639
7146.0 10.909376072126008
7148.0 10.914425748275093
7150.0 10.92805525234497
7152.0 10.902275715464231
7154.0 10.797546103457663
7156.0 10.672212831250476
7158.0 10.703440796411165
7160.0 10.738282271818306
7162.0 10.64086447412606
7164.0 10.665808127070157
7166.0 10.618257638180792
7168.0 10.639306394686647
7170.0 10.557485940280635
7172.0 10.496522128334535
7174.0 10.554013742835735
7176.0 10.474494259309905
7178.0 10.505035893245902
7180.0 10.472614487053828
7182.0 10.57114245447848
7184.0 10.442687253338534
7186.0 10.477339873446413
7188.0 10.516581131217063
7190.0 10.414082674941925
7192.0 10.43965905942436
7194.0 10.371607351979288
7196.0 10.319319799327495
7198.0 10.213737772306573
7200.0 10.315557835637225
7202.0 10.324719124709924
7204.0 10.231549755723208
7206.0 10.20765484015771
7208.0 10.162342328265932
7210.0 10.266636519609609
7212.0 10.170360180580039
7214.0 10.015991236398277
7216.0 10.000719048453176
7218.0 10.03467577733644
7220.0 10.005545117262999
7222.0 10.022984660560802
7224.0 9.903905537151537
7226.0 9.889021038600209
7228.0 9.990606068187292
7230.0 9.997353361780146
7232.0 9.868733234317604
7234.0 9.820593290572894
7236.0 9.936123513166054
7238.0 9.861453937968271
7240.0 9.854834556057014
7242.0 9.846617077621731
7244.0 9.846059738193249
7246.0 9.903925491799178
7248.0 9.887934197022203
7250.0 9.86095260177855
7252.0 9.759039846376412
7254.0 9.792276012084507
7256.0 9.834944838781666
7258.0 9.76776228111106
7260.0 9.725447066156637
7262.0 9.669549111566969
7264.0 9.683171203833387
7266.0 9.717163414147592
7268.0 9.65865360785271
7270.0 9.639878870511817
7272.0 9.617587135818704
7274.0 9.57534214456312
7276.0 9.56322121523601
7278.0 9.609788530872725
7280.0 9.590144993422053
7282.0 9.60143261245993
7284.0 9.631831963735191
7286.0 9.595329082564916
7288.0 9.579132036083463
7290.0 9.561016199255635
7292.0 9.464372607990423
7294.0 9.43838490787763
7296.0 9.53951896730162
7298.0 9.691515994575594
7300.0 9.684116930025171
7302.0 9.581016543681194
7304.0 9.558992363251836
7306.0 9.446343247243822
7308.0 9.329621031223452
7310.0 9.340258010909219
7312.0 9.38763703154045
7314.0 9.415658299558425
7316.0 9.418607243100102
7318.0 9.410695839002052
7320.0 9.379342592487227
7322.0 9.362760858450521
7324.0 9.3481089965096
7326.0 9.364169615114761
7328.0 9.386940469908613
7330.0 9.298908627321078
7332.0 9.216812289965816
7334.0 9.220718960538528
7336.0 9.242982805470415
7338.0 9.235491212276388
7340.0 9.153038539307412
7342.0 9.120907762491425
7344.0 9.087658072625352
7346.0 9.222680855075977
7348.0 9.231451253613708
7350.0 9.17517992560705
7352.0 9.128803442738505
7354.0 9.124374408045137
7356.0 9.082272684537903
7358.0 9.077938027468988
7360.0 9.04536795690126
7362.0 9.042434027824646
7364.0 9.035031244158622
7366.0 9.065786014873094
7368.0 8.989950177415778
7370.0 8.98046476572777
7372.0 8.873984123338163
7374.0 8.926077483355542
7376.0 8.975193651950963
7378.0 9.004682049491219
7380.0 9.043137613853924
7382.0 8.954652453492482
7384.0 8.97474721449494
7386.0 8.97611832056172
7388.0 8.940427442169236
7390.0 8.911382917627417
7392.0 8.88269186099136
7394.0 8.93760766543953
7396.0 8.907580004358168
7398.0 8.91665459715753
7400.0 8.904882928589357
7402.0 8.884725739223247
7404.0 8.859096183958904
7406.0 8.840909962899367
7408.0 8.832664774638673
7410.0 8.832732812662128
7412.0 8.776466975372262
7414.0 8.85446950706208
7416.0 8.878428083471054
7418.0 8.801342053699477
7420.0 8.767167061175702
7422.0 8.77978766266003
7424.0 8.79510260018979
7426.0 8.820874302318092
7428.0 8.810869680329457
7430.0 8.796585297381155
7432.0 8.760610834529647
7434.0 8.808040951044669
7436.0 8.690116353310922
7438.0 8.6588087920785
7440.0 8.72332669299893
7442.0 8.72141842572669
7444.0 8.768908011274188
7446.0 8.697209353026954
7448.0 8.639988875180487
7450.0 8.647190487184137
7452.0 8.651366309737929
7454.0 8.685342112602013
7456.0 8.650205970645654
7458.0 8.636777927434254
7460.0 8.65104571001144
7462.0 8.60253594245649
7464.0 8.623165509529015
7466.0 8.654735368811185
7468.0 8.616277714178473
7470.0 8.625105911245774
7472.0 8.611131159434663
7474.0 8.591821507080919
7476.0 8.568472183467927
7478.0 8.528548141850672
7480.0 8.56720249787853
7482.0 8.630676802894008
7484.0 8.613782416502172
7486.0 8.566495152077799
7488.0 8.539129581457066
7490.0 8.475157147707964
7492.0 8.504300023836596
7494.0 8.531764013499293
7496.0 8.574712832065051
7498.0 8.556754771095365
7500.0 8.575744115716107
7502.0 8.540478884915814
7504.0 8.536670915347202
7506.0 8.474177738736701
7508.0 8.439402704147476
7510.0 8.46732062529658
7512.0 8.448921308518395
7514.0 8.46965073612641
7516.0 8.429233807651451
7518.0 8.507679904987175
7520.0 8.516259699898573
7522.0 8.514400258979709
7524.0 8.419253736715016
7526.0 8.464194212336354
7528.0 8.471190016145075
7530.0 8.431243894425755
7532.0 8.470310836983248
7534.0 8.47710969883208
7536.0 8.479693903827265
7538.0 8.455728044000091
7540.0 8.36418768889456
7542.0 8.449942042964558
7544.0 8.383265771799659
7546.0 8.331377548014824
7548.0 8.379636331246761
7550.0 8.390857482598825
7552.0 8.366533636862894
7554.0 8.38721805736415
7556.0 8.435494072284751
7558.0 8.370803082723311
7560.0 8.337360117025327
7562.0 8.434107930033313
7564.0 8.450183090112098
7566.0 8.429930054467723
7568.0 8.408000581721396
7570.0 8.380792100017533
7572.0 8.371152324781296
7574.0 8.38716547085384
7576.0 8.360062264785647
7578.0 8.368062937625119
7580.0 8.415751692414505
7582.0 8.397965843977728
7584.0 8.334065354047553
7586.0 8.274752427522275
7588.0 8.532089891658048
7590.0 8.754516555896448
7592.0 8.22044344807259
7594.0 7.707191024068424
7596.0 7.9768595588651845
7598.0 8.197159707020111
7600.0 7.98568822971259
7602.0 7.802250802540784
7604.0 7.840532322679971
7606.0 7.998527122271132
7608.0 8.119859386408942
7610.0 8.197762287817133
7612.0 8.05668455674003
7614.0 8.309319247430945
7616.0 9.014461487720874
7618.0 8.741980392999249
7620.0 8.062591346497374
7622.0 7.886714358831065
7624.0 7.93460314137865
7626.0 8.0721155525789
7628.0 8.092391959624004
7630.0 8.119683646235078
7632.0 8.087082391172768
7634.0 8.164755454651104
7636.0 8.326508822052885
7638.0 8.008996212773052
7640.0 8.332688769808312
7642.0 7.996499088910576
7644.0 8.266234551154888
7646.0 8.250117089059875
7648.0 8.070630025255664
7650.0 8.290059436669358
7652.0 7.989175746187633
7654.0 8.180665911429223
7656.0 8.282576386818533
7658.0 7.9654118261580305
7660.0 8.308259417894892
7662.0 8.155926322030725
7664.0 7.942198893122146
7666.0 8.152780650125445
7668.0 8.02709487601813
7670.0 7.996160528805313
7672.0 8.138985600930315
7674.0 8.038411745867386
7676.0 7.925582885252374
7678.0 8.023602381923018
7680.0 7.983505884667376
7682.0 8.004139412457391
7684.0 8.051635014490369
7686.0 7.947544472749998
7688.0 7.845660169636082
7690.0 7.992896224245744
7692.0 7.9049878905493784
7694.0 7.786001590960852
7696.0 7.926281930965419
7698.0 7.899286488914579
7700.0 7.874143203216558
7702.0 7.894724270122101
7704.0 7.882509667819259
7706.0 7.898674090046391
7708.0 7.8324648119080775
7710.0 7.8422694384474845
7712.0 7.8987145054483685
7714.0 7.878455397456032
7716.0 7.835828682560737
7718.0 7.705603275800335
7720.0 7.777083148641469
7722.0 7.8675054911890125
7724.0 7.791098529463173
7726.0 7.836133449094891
7728.0 7.934327230469874
7730.0 7.859339413298557
7732.0 7.775523349421905
7734.0 7.807248616859186
7736.0 7.788597410239263
7738.0 7.795279010792375
7740.0 7.762577217609924
7742.0 7.758671600448678
7744.0 7.797498209646272
7746.0 7.79015975565584
7748.0 7.77466415302753
7750.0 7.7403524580763445
7752.0 7.739445960396686
7754.0 7.752775659850175
7756.0 7.747216880595614
7758.0 7.777614585377747
7760.0 7.8093244208035095
7762.0 7.721651271311737
7764.0 7.755707798491457
7766.0 7.802881851414535
7768.0 7.710984696994892
7770.0 7.695927508826563
7772.0 7.6921590029622395
7774.0 7.73378054848325
7776.0 7.695052410555622
7778.0 7.656408125736104
7780.0 7.637931678396859
7782.0 7.638650586535872
7784.0 7.697066734477443
7786.0 7.643272061029309
7788.0 7.567504626033268
7790.0 7.620503499844215
7792.0 7.581368407963813
7794.0 7.55068897332832
7796.0 7.558189506479041
7798.0 7.510892262193966
7800.0 7.5395286053984165
7802.0 7.565890507371558
7804.0 7.532351002684247
7806.0 7.52035000264316
7808.0 7.561675671709409
7810.0 7.542812673929012
7812.0 7.44858251481616
7814.0 7.471512909194441
7816.0 7.41194664239675
7818.0 7.41509808593648
7820.0 7.38709345418443
7822.0 7.324017643355777
7824.0 7.356403525852015
7826.0 7.405652422460519
7828.0 7.3624910612761045
7830.0 7.405921160681524
7832.0 7.453193915657307
7834.0 7.396332751839125
7836.0 7.445526292099512
7838.0 7.368157154399704
7840.0 7.359613278367287
7842.0 7.366888138136846
7844.0 7.329301514256904
7846.0 7.345234766189395
7848.0 7.3771507221857355
7850.0 7.3526247407406515
7852.0 7.3560665430437755
7854.0 7.412373247874505
7856.0 7.40286938387424
7858.0 7.367755413565901
7860.0 7.351919760853974
7862.0 7.339514384886876
7864.0 7.299475260434855
7866.0 7.373939236279357
7868.0 7.337227194230955
7870.0 7.2501983260623115
7872.0 7.285891759689611
7874.0 7.300118920092916
7876.0 7.322123987308511
7878.0 7.334573694335293
7880.0 7.315642444653324
7882.0 7.292239210222793
7884.0 7.285642123931569
7886.0 7.207011109573437
7888.0 7.26148978967647
7890.0 7.268103945299522
7892.0 7.3017580823374315
7894.0 7.308196036981467
7896.0 7.245093746727748
7898.0 7.254228051288992
7900.0 7.257599155413393
7902.0 7.21301811168779
7904.0 7.261759335548708
7906.0 7.230595049219201
7908.0 7.21128753226743
7910.0 7.312448159972191
7912.0 7.186295723803957
7914.0 7.10007090222568
7916.0 7.202757455052459
7918.0 7.181386570367812
7920.0 7.1583640718499595
7922.0 7.113274685612073
7924.0 7.080691708256608
7926.0 7.105946402762425
7928.0 7.092075237898569
7930.0 7.121480201465235
7932.0 7.141364105999254
7934.0 7.129455051602898
7936.0 7.146798361352461
7938.0 7.119174550254407
7940.0 7.133905373496386
7942.0 7.186012452796823
7944.0 7.108189791286082
7946.0 7.132068059038844
7948.0 7.079874013525939
7950.0 7.0055457628313125
7952.0 7.017107683652086
7954.0 6.970771272740758
7956.0 6.980867442163086
7958.0 7.019292218654882
7960.0 7.0598323916270385
7962.0 7.086599796950512
7964.0 7.057330579520305
7966.0 7.059889125557311
7968.0 7.007703602055358
7970.0 6.9951705009130265
7972.0 7.001363615370738
7974.0 6.9727893955502225
7976.0 7.010053991911257
7978.0 7.019580998375944
7980.0 7.00571725484576
7982.0 7.001185256219899
7984.0 7.0285074965092385
7986.0 7.047261816214267
7988.0 6.989912720727986
7990.0 6.957956607910615
7992.0 7.001379833148244
7994.0 6.951196871297831
7996.0 6.981222094868063
7998.0 7.010431202545369
8000.0 6.966122940699626
8002.0 6.984969410040492
8004.0 6.92053730494742
8006.0 6.949333055116631
8008.0 6.912138970359927
8010.0 6.881447736204362
8012.0 6.93430973185016
8014.0 6.947190443330004
8016.0 6.956820088912505
8018.0 6.925975298710285
8020.0 6.87909462542981
8022.0 6.906340369684289
8024.0 6.863836714878949
8026.0 6.890101717337599
8028.0 6.92469360601323
8030.0 6.886174669593159
8032.0 6.910663656300807
8034.0 6.851776890876935
8036.0 6.938043083382562
8038.0 6.873843612975077
8040.0 6.821852429262357
8042.0 6.833102703257252
8044.0 6.81235651787937
8046.0 6.814764286534312
8048.0 6.797052408201517
8050.0 6.856073233438927
8052.0 6.8686535364116335
8054.0 6.846649780981133
8056.0 6.883908777158761
8058.0 6.733302998437712
8060.0 6.765063666480906
8062.0 6.77446701035557
8064.0 6.791421973015883
8066.0 6.867975257071043
8068.0 6.779711533374334
8070.0 6.703943172851785
8072.0 6.694788200311035
8074.0 6.745517978463746
8076.0 6.715957992142353
8078.0 6.800645717513642
8080.0 6.792789933107244
8082.0 6.790102457803169
8084.0 6.741986318897392
8086.0 6.73837130183322
8088.0 6.836349642539743
8090.0 6.788657835767227
8092.0 6.750364105569486
8094.0 6.7359911557774685
8096.0 6.718844013580328
8098.0 6.76240800120821
8100.0 6.775523159412367
8102.0 6.739872738689567
8104.0 6.734195813321032
8106.0 6.814928790999986
8108.0 6.692767654529488
8110.0 6.718764820997283
8112.0 6.760613195614365
8114.0 6.694263162539291
8116.0 6.738565422889331
8118.0 6.752236724626724
8120.0 6.735267932704314
8122.0 6.665033887769804
8124.0 6.642601017717506
8126.0 6.695244209726677
8128.0 6.752000763964695
8130.0 6.768094530724984
8132.0 6.705402993039182
8134.0 6.724405035600904
8136.0 6.720545155170496
8138.0 6.669354393562643
8140.0 6.717692930211128
8142.0 6.7541308044248
8144.0 6.687526207773705
8146.0 6.65060943122434
8148.0 6.709751990376742
8150.0 6.692509324500561
8152.0 6.6560167815137214
8154.0 6.681956638537733
8156.0 6.711494282913216
8158.0 6.7377525006955645
8160.0 6.657772452705113
8162.0 6.652749634540545
8164.0 6.704545787805263
8166.0 6.70224442593454
8168.0 6.669694189286211
8170.0 6.6851466902936
8172.0 6.74718770332256
8174.0 6.657297286094756
8176.0 6.648502054168995
8178.0 6.7267679454253875
8180.0 6.736146976319556
8182.0 6.626911612857238
8184.0 6.727225426288182
8186.0 6.718739367620897
8188.0 6.683977173882336
8190.0 6.644783296358823
8192.0 6.611940333776202
8194.0 6.711681331960566
8196.0 6.697011444467259
8198.0 6.6646433668533644
8200.0 6.653726547350821
8202.0 6.714891150395039
8204.0 6.663785210296867
8206.0 6.719330748501518
8208.0 6.630110019453148
8210.0 6.554919518140856
8212.0 6.661380882323345
8214.0 6.751018883436367
8216.0 6.732135373342661
8218.0 6.721683163359803
8220.0 6.690752342606122
8222.0 6.718403479419012
8224.0 6.6923999250020865
8226.0 6.635684984065137
8228.0 6.630635171562754
8230.0 6.721161626203362
8232.0 6.729621724700466
8234.0 6.730414327530119
8236.0 6.726930205577888
8238.0 6.727856886215544
8240.0 6.625824603891142
8242.0 6.605245975191631
8244.0 6.687181233440186
8246.0 6.715117407613099
8248.0 6.777171683418776
8250.0 6.784424946633628
8252.0 6.869332115193256
8254.0 6.874667563311896
8256.0 6.828471841240299
8258.0 6.783771388414385
8260.0 6.7070990712404015
8262.0 6.610686650077808
8264.0 6.532503800812346
8266.0 6.532650303029225
8268.0 6.612236039556702
8270.0 6.621963694166209
8272.0 6.51422500487968
8274.0 6.503193131642607
8276.0 6.557286156669196
8278.0 6.603846581754125
8280.0 6.5379525940262
8282.0 6.565112573979532
8284.0 6.576941981807211
8286.0 6.522713035807781
8288.0 6.4984955846319625
8290.0 6.401175692786471
8292.0 6.365803459938058
8294.0 6.356464682838265
8296.0 6.391412908917481
8298.0 6.443831690884041
8300.0 6.465839554040335
8302.0 6.368733456728228
8304.0 6.341935008417275
8306.0 6.39091148472865
8308.0 6.351556726646041
8310.0 6.334205390705215
8312.0 6.411043531411485
8314.0 6.4412597432172785
8316.0 6.360478304429086
8318.0 6.323062965710498
8320.0 6.320751443341361
8322.0 6.300425297510136
8324.0 6.204673600262933
8326.0 6.248434566943027
8328.0 6.32068332674546
8330.0 6.325489155865054
8332.0 6.186772880497724
8334.0 6.198666188703123
8336.0 6.256802412387924
8338.0 6.2313401295286885
8340.0 6.222778991329447
8342.0 6.237112274719754
8344.0 6.251558541938584
8346.0 6.182534948952421
8348.0 6.112689180754636
8350.0 6.107786079270241
8352.0 6.223134708980397
8354.0 6.137936722315836
8356.0 6.216323116763906
8358.0 6.1250207452261085
8360.0 6.173655553463176
8362.0 6.141844851023917
8364.0 6.190509273685927
8366.0 6.192680288357863
8368.0 6.194758618814823
8370.0 6.207587062338199
8372.0 6.153897089316482
8374.0 6.0175868698354185
8376.0 6.034618134233967
8378.0 6.138531412973185
8380.0 6.162871389700179
8382.0 6.16490900953746
8384.0 6.11657764133791
8386.0 6.159635395867275
8388.0 6.12692427499104
8390.0 6.05468828566148
8392.0 6.03578580604575
8394.0 5.954111634577679
8396.0 5.88995201665
8398.0 5.9389397563343005
8400.0 5.966615274048208
8402.0 5.810028506952855
8404.0 5.861033389606964
8406.0 6.019566877682503
8408.0 6.011960245591485
8410.0 5.929563466851995
8412.0 5.935485115992247
8414.0 5.970477970070393
8416.0 5.899336320933573
8418.0 5.8375022754281245
8420.0 5.822867750225853
8422.0 5.822943573133583
8424.0 5.766578707325963
8426.0 5.790680636934535
8428.0 5.821277255656764
8430.0 5.823432517008137
8432.0 5.8648772368538715
8434.0 5.929223318917797
8436.0 5.959817042914163
8438.0 5.883209281895952
8440.0 5.8392418312985175
8442.0 5.860994235908339
8444.0 5.842224345489817
8446.0 5.832985734979919
8448.0 5.810192386359525
8450.0 5.766269709454783
8452.0 5.758555649228923
8454.0 5.722991746607922
8456.0 5.733422969710012
8458.0 5.73116428915472
8460.0 5.709382519269236
8462.0 5.6846888010497
8464.0 5.735637255205208
8466.0 5.82825383773852
8468.0 5.794791671174836
8470.0 5.804552566429204
8472.0 5.794822323184778
8474.0 5.809502058684602
8476.0 5.802746058699509
8478.0 5.8159538933492
8480.0 5.851748928309911
8482.0 5.752143420810103
8484.0 5.766514286279846
8486.0 5.767415167270856
8488.0 5.798239221603839
8490.0 5.8043464442203545
8492.0 5.766341589893556
8494.0 5.6691519308388365
8496.0 5.753769201021089
8498.0 5.728658908459186
8500.0 5.722779809133966
8502.0 5.72625368918203
8504.0 5.666254691536993
8506.0 5.664121773230771
8508.0 5.661690566451114
8510.0 5.647417220534986
8512.0 5.594551967323688
8514.0 5.613439336284129
8516.0 5.597171211363479
8518.0 5.586952941576524
8520.0 5.589790487833703
8522.0 5.595086823713243
8524.0 5.586371058083715
8526.0 5.644319871799925
8528.0 5.648854233553401
8530.0 5.53191404046377
8532.0 5.529166200420359
8534.0 5.568020056820975
8536.0 5.573769104661576
8538.0 5.556958652609757
8540.0 5.560640102354025
8542.0 5.576357029443045
8544.0 5.5890596459761746
8546.0 5.562487998776203
8548.0 5.568010632308799
8550.0 5.597860295393861
8552.0 5.614532708136173
8554.0 5.537838070230877
8556.0 5.478281607670665
8558.0 5.510352820206306
8560.0 5.5126873056749535
8562.0 5.54382148767278
8564.0 5.613607899309558
8566.0 5.5996183511855415
8568.0 5.586863385250317
8570.0 5.53209390615541
8572.0 5.487363885823088
8574.0 5.517241703811757
8576.0 5.53213392831515
8578.0 5.474179409635843
8580.0 5.38156721467403
8582.0 5.364763864892837
8584.0 5.399063823073141
8586.0 5.378301294376513
8588.0 5.329247670552874
8590.0 5.38131772545761
8592.0 5.4730927231352275
8594.0 5.527216832023649
8596.0 5.50960100231042
8598.0 5.523247558177825
8600.0 5.516491531150929
8602.0 5.48386288199136
8604.0 5.5204820314532945
8606.0 5.561182784398491
8608.0 5.492348505358149
8610.0 5.475721832897836
8612.0 5.454951620534113
8614.0 5.470767481037144
8616.0 5.4505119787221785
8618.0 5.5572137087780815
8620.0 5.599700255102622
8622.0 5.551476602760657
8624.0 5.464367320092605
8626.0 5.443218652267418
8628.0 5.400015965353563
8630.0 5.387772508303821
8632.0 5.385050117642334
8634.0 5.296775563907796
8636.0 5.36973549840157
8638.0 5.335789308390649
8640.0 5.255517048157979
8642.0 5.293262582881462
8644.0 5.325568712755133
8646.0 5.306480404049099
8648.0 5.266913402393624
8650.0 5.250745908644189
8652.0 5.278229677466669
8654.0 5.255493331609302
8656.0 5.2935240419408665
8658.0 5.230664737646286
8660.0 5.252349721428753
8662.0 5.290245676324553
8664.0 5.282077076031671
8666.0 5.238299868084115
8668.0 5.30379547684542
8670.0 5.34859713995697
8672.0 5.288743841428216
8674.0 5.324262609217327
8676.0 5.247193418134419
8678.0 5.244103970072118
8680.0 5.219058896201411
8682.0 5.265328615805828
8684.0 5.3302634337866746
8686.0 5.326854711470005
8688.0 5.312180913847176
8690.0 5.262016361849072
8692.0 5.230302349581376
8694.0 5.143611412455892
8696.0 5.164738658882973
8698.0 5.167766108403849
8700.0 5.157113795454539
8702.0 5.20847721393399
8704.0 5.165645713157771
8706.0 5.206432497264648
8708.0 5.183385883690141
8710.0 5.225291876930106
8712.0 5.227794532778798
8714.0 5.200062215212351
8716.0 5.1918566278245635
8718.0 5.180907347306881
8720.0 5.147555184651122
8722.0 5.1613834738673035
8724.0 5.166168218479967
8726.0 5.17227853990396
8728.0 5.208683094695424
8730.0 5.22224308023302
8732.0 5.1640762428464155
8734.0 5.180719249432505
8736.0 5.245421809320624
8738.0 5.232675201352814
8740.0 5.180501528247447
8742.0 5.097543717865187
8744.0 5.091889186953191
8746.0 5.114995211609346
8748.0 5.073963394056367
8750.0 5.08836623356707
8752.0 5.09897735341397
8754.0 5.100289579895306
8756.0 5.1116093620158916
8758.0 5.071227219130221
8760.0 5.074522764840833
8762.0 5.048238368012436
8764.0 5.035413838061795
8766.0 5.008329092049627
8768.0 5.053029667719383
8770.0 5.147896930106713
8772.0 5.198975182300895
8774.0 5.091487893368013
8776.0 5.069119724298149
8778.0 5.038975022705487
8780.0 4.981411318667701
8782.0 5.0153529535391295
8784.0 5.038722809177311
8786.0 5.015904516348108
8788.0 5.017125445580264
8790.0 5.022999977697395
8792.0 5.015756131158074
8794.0 4.96062147313184
8796.0 4.95476528570251
8798.0 4.967420137905863
8800.0 5.127564498433711
8802.0 5.147592764762862
8804.0 5.145679459860515
8806.0 5.123674231438689
8808.0 5.07925626841489
8810.0 5.098483124466397
8812.0 5.120267250428897
8814.0 5.1105172916208605
8816.0 5.115825501951796
8818.0 5.130367561715627
8820.0 5.091570861824638
8822.0 5.050556440804674
8824.0 5.057190136624864
8826.0 5.021127567319201
8828.0 5.018795083670332
8830.0 5.068165341075505
8832.0 5.05614731355257
8834.0 5.09562574250481
8836.0 5.073707101235012
8838.0 5.098323513200002
8840.0 5.037378760772937
8842.0 5.034019479501684
8844.0 5.065228929803142
8846.0 5.024055945928861
8848.0 5.067547509539256
8850.0 5.123926580152444
8852.0 5.19526720078009
8854.0 5.234535000387434
8856.0 5.187529579386014
8858.0 5.2196185367781505
8860.0 5.098255796345724
8862.0 5.089874993490041
8864.0 5.161848390999766
8866.0 5.200313318512826
8868.0 5.186253237430389
8870.0 5.108692677298174
8872.0 5.062729790413971
8874.0 5.027087573506592
8876.0 4.997812432244593
8878.0 5.031635650049864
8880.0 5.047940932760528
8882.0 5.115965474708769
8884.0 5.13810173996713
8886.0 5.167507126183725
8888.0 5.095929951948949
8890.0 5.020524493272011
8892.0 5.030042306982331
8894.0 5.002597678563663
8896.0 4.975092037349192
8898.0 4.918110174713627
8900.0 4.950236660119118
8902.0 4.903133010278641
8904.0 4.871338111017856
8906.0 4.915394045090087
8908.0 4.8758690019037525
8910.0 4.813809911153053
8912.0 4.858994467576297
8914.0 4.91467024122999
8916.0 4.935953317167747
8918.0 4.958611638359775
8920.0 4.938470829431541
8922.0 4.858419048278244
8924.0 4.879065467565621
8926.0 4.88699238508682
8928.0 4.89648979465263
8930.0 4.823853429237757
8932.0 4.877533253686052
8934.0 4.940963969300375
8936.0 4.919665240324883
8938.0 4.848540646119743
8940.0 4.84239432824703
8942.0 4.813429521462137
8944.0 4.8158136959364395
8946.0 4.940685184401956
